@article{Novelli,
  title={A direct bijective proof of the hook-length formula.},
  author={Novelli, Jean-Christophe and Pak, Igor and Stoyanovskii, Alexander V and others},
  journal={Discrete Mathematics \& Theoretical Computer Science},
  volume={1},
  number={1},
  pages={53--67},
  year={1997},
  annote={
  The authors establish a bijection between two sets to directly prove the hook length formula.
  }
}

@book{SymmetricGroup,
  title={The symmetric group: representations, combinatorial algorithms, and symmetric functions},
  author={Sagan, Bruce E},
  volume={203},
  year={2001},
  publisher={Springer},
  annote={The author uses Sch{\"u}tzenberger's jeu de taquin to establish the Hook Length formula.}
}

@article{Probabilistic,
  title={A probabilistic proof of a formula for the number of Young tableaux of a given shape},
  author={Greene, Curtis and Nijenhuis, Albert and Wilf, Herbert S},
  journal={Advances in Mathematics},
  volume={31},
  number={1},
  pages={104--109},
  year={1979},
  publisher={Elsevier},
  annote={The authors establish a formula to count the number of Young (standard) tableaux of a given shape and a probabilistic proof of the formula's validity.}
}

@article{FrameRobinsonThrall,
  title={The hook graphs of the symmetric group},
  author={Frame, JS and Robinson, G de B and Thrall, RM},
  journal={Canad. J. Math},
  volume={6},
  number={316},
  pages={C324},
  year={1954}
}